<record><leader>     cam a22     4  4500</leader><controlfield tag="001">554293404</controlfield><controlfield tag="003">CHVBK</controlfield><controlfield tag="005">20190307080302.0</controlfield><controlfield tag="007">tu</controlfield><controlfield tag="008">190116s2017    gw       |||| 000 0 ger| </controlfield><datafield tag="016" ind1="7" ind2=" "><subfield code="a">1136436111</subfield><subfield code="2">DE-101</subfield></datafield><datafield tag="020" ind1=" " ind2=" "><subfield code="a">978-3-12-828470-5</subfield></datafield><datafield tag="020" ind1=" " ind2=" "><subfield code="a">3-12-828470-9</subfield></datafield><datafield tag="024" ind1="8" ind2=" "><subfield code="a">9783128284705</subfield></datafield><datafield tag="035" ind1=" " ind2=" "><subfield code="a">(SGBN)001426937</subfield></datafield><datafield tag="035" ind1=" " ind2=" "><subfield code="a">(IDSLU)001332248</subfield></datafield><datafield tag="035" ind1=" " ind2=" "><subfield code="a">(OCoLC)993706753</subfield></datafield><datafield tag="040" ind1=" " ind2=" "><subfield code="a">GWDNB</subfield><subfield code="b">ger</subfield><subfield code="d">SGBN SGKBV</subfield><subfield code="e">rda</subfield></datafield><datafield tag="041" ind1="0" ind2=" "><subfield code="a">ger</subfield></datafield><datafield tag="044" ind1=" " ind2=" "><subfield code="c">XA-DE-BW</subfield></datafield><datafield tag="082" ind1="1" ind2=" "><subfield code="a">912</subfield><subfield code="2">15</subfield></datafield><datafield tag="082" ind1="1" ind2=" "><subfield code="a">900</subfield><subfield code="2">15</subfield></datafield><datafield tag="082" ind1="7" ind2="4"><subfield code="a">S</subfield><subfield code="2">23sdnb</subfield></datafield><datafield tag="084" ind1=" " ind2=" "><subfield code="a">S</subfield><subfield code="2">sdnb</subfield></datafield><datafield tag="084" ind1=" " ind2=" "><subfield code="a">RB 10063</subfield><subfield code="2">rvk</subfield></datafield><datafield tag="084" ind1=" " ind2=" "><subfield code="a">S</subfield><subfield code="2">sdnb</subfield></datafield><datafield tag="245" ind1="0" ind2="0"><subfield code="a">Haack Verbundatlas</subfield></datafield><datafield tag="246" ind1="1" ind2="0"><subfield code="a">Verbundatlas</subfield></datafield><datafield tag="250" ind1=" " ind2=" "><subfield code="a">1. Auflage</subfield></datafield><datafield tag="255" ind1=" " ind2=" "><subfield code="a">Verschiedene Massstäbe</subfield><subfield code="c">W 180°-E 180°/N 90°-S 90°</subfield></datafield><datafield tag="264" ind1=" " ind2="1"><subfield code="a">Stuttgart</subfield><subfield code="a">Leipzig</subfield><subfield code="b">Ernst Klett Verlag</subfield><subfield code="c">[2017]</subfield></datafield><datafield tag="264" ind1=" " ind2="4"><subfield code="c">© 2017</subfield></datafield><datafield tag="300" ind1=" " ind2=" "><subfield code="a">235 Seiten</subfield><subfield code="b">Karten, Illustrationen</subfield></datafield><datafield tag="490" ind1="0" ind2=" "><subfield code="a">Haack Verbundatlas</subfield></datafield><datafield tag="650" ind1=" " ind2="7"><subfield code="a">Geografieunterricht</subfield><subfield code="0">(DE-588)4020219-7</subfield><subfield code="2">gnd</subfield></datafield><datafield tag="650" ind1=" " ind2="7"><subfield code="a">Geschichtsunterricht</subfield><subfield code="0">(DE-588)4020533-2</subfield><subfield code="2">gnd</subfield></datafield><datafield tag="650" ind1=" " ind2="7"><subfield code="a">Politischer Unterricht</subfield><subfield code="0">(DE-588)4076231-2</subfield><subfield code="2">gnd</subfield></datafield><datafield tag="650" ind1=" " ind2="7"><subfield code="a">Sekundarstufe 1</subfield><subfield code="0">(DE-588)4054365-1</subfield><subfield code="2">gnd</subfield></datafield><datafield tag="650" ind1=" " ind2="7"><subfield code="a">Sozialkundeunterricht</subfield><subfield code="0">(DE-588)4055852-6</subfield><subfield code="2">gnd</subfield></datafield><datafield tag="651" ind1=" " ind2="7"><subfield code="a">Deutschland</subfield><subfield code="0">(DE-588)4011882-4</subfield><subfield code="2">gnd</subfield></datafield><datafield tag="653" ind1=" " ind2=" "><subfield code="a">(Produktform)Hardback</subfield></datafield><datafield tag="653" ind1=" " ind2=" "><subfield code="a">Atlas</subfield></datafield><datafield tag="653" ind1=" " ind2=" "><subfield code="a">Fächerübergreifend</subfield></datafield><datafield tag="653" ind1=" " ind2=" "><subfield code="a">Gesellschaftswissenschaften</subfield></datafield><datafield tag="653" ind1=" " ind2=" "><subfield code="a">(VLB-Schulbuch (Deutschland))111</subfield></datafield><datafield tag="653" ind1=" " ind2=" "><subfield code="a">(VLB-WN)1810: Hardcover, Softcover / Schule, Lernen/Schulbücher Allgemeinbildende Schulen</subfield></datafield><datafield tag="655" ind1=" " ind2="7"><subfield code="a">Atlas</subfield><subfield code="2">gnd-content</subfield></datafield><datafield tag="691" ind1=" " ind2="7"><subfield code="B">u</subfield><subfield code="u">RB 10226</subfield><subfield code="2">idslu LR</subfield></datafield><datafield tag="856" ind1="4" ind2="2"><subfield code="u">http://deposit.d-nb.de/cgi-bin/dokserv?id=695fab6b2774478389f7df85c7b64d3e&#38;prov=M&#38;dok_var=1&#38;dok_ext=htm</subfield><subfield code="z">Inhaltstext</subfield></datafield><datafield tag="912" ind1=" " ind2="7"><subfield code="a">go</subfield><subfield code="2">SGBN</subfield></datafield><datafield tag="912" ind1=" " ind2="7"><subfield code="a">gs</subfield><subfield code="2">SGBN</subfield></datafield><datafield tag="950" ind1=" " ind2=" "><subfield code="B">SGBN</subfield><subfield code="P">490</subfield><subfield code="E">0-</subfield><subfield code="a">Haack Verbundatlas</subfield></datafield><datafield tag="950" ind1=" " ind2=" "><subfield code="B">SGBN</subfield><subfield code="P">856</subfield><subfield code="E">42</subfield><subfield code="u">http://deposit.d-nb.de/cgi-bin/dokserv?id=695fab6b2774478389f7df85c7b64d3e&#38;prov=M&#38;dok_var=1&#38;dok_ext=htm</subfield><subfield code="z">Inhaltstext</subfield></datafield><datafield tag="950" ind1=" " ind2=" "><subfield code="B">IDSLU</subfield><subfield code="P">700</subfield><subfield code="E">1-</subfield><subfield code="a">Dietrich</subfield><subfield code="D">Matthias</subfield><subfield code="e">Herausgeber</subfield><subfield code="4">edt</subfield></datafield><datafield tag="950" ind1=" " ind2=" "><subfield code="B">IDSLU</subfield><subfield code="P">856</subfield><subfield code="E">42</subfield><subfield code="u">http://deposit.d-nb.de/cgi-bin/dokserv?id=695fab6b2774478389f7df85c7b64d3e&#38;prov=M&#38;dok_var=1&#38;dok_ext=htm</subfield><subfield code="z">Inhaltstext</subfield></datafield><datafield tag="898" ind1=" " ind2=" "><subfield code="a">BK020000</subfield><subfield code="b">XK020000</subfield><subfield code="c">XK020000</subfield></datafield><datafield tag="949" ind1=" " ind2=" "><subfield code="B">IDSLU</subfield><subfield code="C">ILU50</subfield><subfield code="D">ILU01</subfield><subfield code="E">001332248</subfield><subfield code="F">LUUHL</subfield><subfield code="b">LUPHL</subfield><subfield code="c">PLFRE</subfield><subfield code="j">RB 10226 2017</subfield><subfield code="p">ILUM24533741</subfield><subfield code="q">001376943</subfield><subfield code="r">000010</subfield><subfield code="0">Luzern ZHB Uni/PH-Gebäude</subfield><subfield code="1">Freihand</subfield><subfield code="2">-</subfield><subfield code="3">BOOK</subfield><subfield code="4">01</subfield><subfield code="5">Heimausleihe (4 Wochen)</subfield></datafield><datafield tag="949" ind1=" " ind2=" "><subfield code="B">SGBN</subfield><subfield code="C">SGB50</subfield><subfield code="D">SGB01</subfield><subfield code="E">001426937</subfield><subfield code="F">SGKBV</subfield><subfield code="b">SGKBV</subfield><subfield code="c">KM</subfield><subfield code="j">KBV 40 4126</subfield><subfield code="p">GM01049978</subfield><subfield code="q">001426937</subfield><subfield code="r">000010</subfield><subfield code="0">KB St.Gallen Vadiana</subfield><subfield code="1">Magazin (Abholort gemäss Bestellung)</subfield><subfield code="2">0</subfield><subfield code="3">BOOK</subfield><subfield code="4">01</subfield><subfield code="5">ausleihbar</subfield></datafield></record>