
<record><leader>     cem a22        4500</leader><controlfield tag="001">55458414X</controlfield><controlfield tag="003">CHVBK</controlfield><controlfield tag="005">20190901100452.0</controlfield><controlfield tag="007">aj |||||</controlfield><controlfield tag="008">190123s2012    sz |||||| |     |   fre d</controlfield><datafield tag="035" ind1=" " ind2=" "><subfield code="a">(RERO)R008888795</subfield></datafield><datafield tag="040" ind1=" " ind2=" "><subfield code="a">RERO vsbcvs</subfield></datafield><datafield tag="044" ind1=" " ind2=" "><subfield code="a">sz</subfield><subfield code="c">ch-be</subfield></datafield><datafield tag="072" ind1=" " ind2="7"><subfield code="a">s1go</subfield><subfield code="2">rero</subfield></datafield><datafield tag="245" ind1="0" ind2="0"><subfield code="a">Sembrancher</subfield></datafield><datafield tag="250" ind1=" " ind2=" "><subfield code="a">Etat du contenu de la carte 2016</subfield></datafield><datafield tag="255" ind1=" " ind2=" "><subfield code="a">Echelle 1:25.000 ; projection conforme cylindrique à axe oblique</subfield></datafield><datafield tag="264" ind1=" " ind2="1"><subfield code="a">Wabern</subfield><subfield code="b">Office fédéral de topographie</subfield><subfield code="c">2018</subfield></datafield><datafield tag="300" ind1=" " ind2=" "><subfield code="a">1 carte (1 f.)</subfield><subfield code="c">57 x 78 cm pliée 19 x 13 cm</subfield></datafield><datafield tag="336" ind1=" " ind2=" "><subfield code="b">cri</subfield><subfield code="2">rdacontent</subfield></datafield><datafield tag="337" ind1=" " ind2=" "><subfield code="b">n</subfield><subfield code="2">rdamedia</subfield></datafield><datafield tag="338" ind1=" " ind2=" "><subfield code="b">nb</subfield><subfield code="2">rdacarrier</subfield></datafield><datafield tag="490" ind1="1" ind2=" "><subfield code="a">Carte nationale de la Suisse 1:25000</subfield><subfield code="v">1325</subfield></datafield><datafield tag="651" ind1=" " ind2="7"><subfield code="a">Sembrancher (Suisse, région, VS)</subfield><subfield code="0">(RERO)A010149187</subfield><subfield code="2">rero</subfield></datafield><datafield tag="655" ind1=" " ind2="7"><subfield code="a">Cartes</subfield><subfield code="2">rero</subfield><subfield code="0">(RERO)A021141228</subfield></datafield><datafield tag="830" ind1=" " ind2="0"><subfield code="a">Carte nationale de la Suisse 1:25 000</subfield><subfield code="h">Document cartographique : avec teinte relief = Landeskarte der Schweiz 1:25 000 : mit Reliefton = Carta nazionale della Svizzera 1:25 000</subfield><subfield code="v">1325</subfield></datafield><datafield tag="950" ind1=" " ind2=" "><subfield code="B">RERO</subfield><subfield code="P">490</subfield><subfield code="E">1-</subfield><subfield code="a">Carte nationale de la Suisse 1:25000</subfield><subfield code="v">1325</subfield></datafield><datafield tag="950" ind1=" " ind2=" "><subfield code="B">RERO</subfield><subfield code="P">830</subfield><subfield code="E">--</subfield><subfield code="a">Carte nationale de la Suisse 1:25 000</subfield><subfield code="h">Document cartographique : avec teinte relief = Landeskarte der Schweiz 1:25 000 : mit Reliefton = Carta nazionale della Svizzera 1:25 000</subfield><subfield code="v">1325</subfield></datafield><datafield tag="986" ind1=" " ind2=" "><subfield code="a">SWISSBIB</subfield><subfield code="b">027946924</subfield></datafield><datafield tag="898" ind1=" " ind2=" "><subfield code="a">MP010300</subfield><subfield code="b">XP010000</subfield><subfield code="c">XP010000</subfield></datafield><datafield tag="949" ind1=" " ind2=" "><subfield code="B">RERO</subfield><subfield code="E">R008888795</subfield><subfield code="F">RE11001</subfield><subfield code="b">RE11001</subfield><subfield code="c">RE110010036</subfield><subfield code="j">BCV NC 43/2018</subfield><subfield code="p">1011426505</subfield></datafield></record>
